@misc{gradientDescent,
      title={An overview of gradient descent optimization algorithms}, 
      author={Sebastian Ruder},
      year={2017},
      eprint={1609.04747},
      archivePrefix={arXiv},
      primaryClass={cs.LG},
      url={https://arxiv.org/abs/1609.04747}, 
}